@inproceedings{Mikolov13,
  author    = {Tomas Mikolov and
               Ilya Sutskever and
               Kai Chen and
               Gregory S. Corrado and
               Jeffrey Dean},
  title     = {Distributed Representations of Words and Phrases and their Compositionality},
  booktitle = {Proc. of {NIPS}},
  pages     = {3111--3119},
  year={2013}
 }

@inproceedings{park-etal-2018-reducing,
    title = "Reducing Gender Bias in Abusive Language Detection",
    author = "Park, Ji Ho  and
      Shin, Jamin  and
      Fung, Pascale",
    booktitle = "Proc. of {EMNLP'18}",
    year = "2018",
    pages = "2799--2804",
}

@inproceedings{Zafar:2017,
 author = {Zafar, Muhammad Bilal and Valera, Isabel and Gomez Rodriguez, Manuel and Gummadi, Krishna P.},
 title = {Fairness Beyond Disparate Treatment \&\#38; Disparate Impact: Learning Classification Without Disparate Mistreatment},
 booktitle = {Proc. of WWW '17},
 year = {2017},
 pages = {1171--1180},
} 

@Article{Scheutz2007,
author="Scheutz, Matthias
and Schermerhorn, Paul
and Kramer, James
and Anderson, David",
title="First steps toward natural human-like HRI",
journal="Autonomous Robots",
year="2007",
month="May",
day="01",
volume="22",
number="4",
pages="411--423",
}


@article{Cambria:2016,
 author = {Cambria, Erik},
 title = {Affective Computing and Sentiment Analysis},
 journal = {IEEE Intelligent Systems},
 issue_date = {March 2016},
 volume = {31},
 number = {2},
 month = mar,
 year = {2016},
 pages = {102--107},
} 

@inproceedings{Kay:2015,
 author = {Kay, Matthew and Matuszek, Cynthia and Munson, Sean A.},
 title = {Unequal Representation and Gender Stereotypes in Image Search Results for Occupations},
 booktitle = {Proc. of {CHI'15}},
 year = {2015},
 pages = {3819--3828},
} 

@inproceedings{Bolukbasi:2016,
 author = {Bolukbasi, Tolga and Chang, Kai-Wei and Zou, James and Saligrama, Venkatesh and Kalai, Adam},
 title = {Man is to Computer Programmer As Woman is to Homemaker? Debiasing Word Embeddings},
 booktitle = {Proc. of NIPS 2016},
 year = {2016},
 pages = {4356--4364},
}

@online{JamesTemperton2019,
  author = {James Temperton},
  title = {Google's Image search has a massive celebrity sexism problem},
  year = 2019,
  url = {https://www.wired.co.uk/article/google-image-search-sexist-suggestions},
}

@online{ProPublica,
  author = {Julia Angwin and Jeff Larson and Surya Mattu and Lauren Kirchner},
  title = {{Machine Bias} There’s software used across the country to predict future criminals. And it’s biased against blacks.},
  year = 2016,
  url = {https://www.propublica.org/article/machine-bias-risk-assessments-in-criminal-sentencing},
}

@BOOK{Schaefer,
  TITLE = {Encyclopedia of Race, Ethnicity, and Society},
  AUTHOR = {Schaefer, Richard T.},
  YEAR = {2008},
  PUBLISHER = {Sage Publications Inc.},
}

@BOOK{RameshChandra,
  TITLE = {Identity and Genesis of Caste System in India},
  AUTHOR = {Ramesh Chandra},
  YEAR = {2005},
  PUBLISHER = {Kalpaz Publications},
}

@BOOK{Blundel,
  TITLE = {Women in Ancient Greece},
  AUTHOR = {Sue Blundell},
  YEAR = {1995},
  PUBLISHER = {Harvard University Press},
}

@inproceedings{SongBMM06,
  author    = {Dawei Song and
               Peter Bruza and
               Robert McArthur and
               Tim Mansfield},
  title     = {Enabling Management Oversight in Corporate Blog Space},
  booktitle = {Proc. of AAAI 2006},
  pages     = {191--198},
  year      = {2006},
}

@inproceedings{hovy-2015-demographic,
    title = "Demographic Factors Improve Classification Performance",
    author = "Hovy, Dirk",
    booktitle = "Proc. of ACL 2015",
     year = "2015",
    ages = "752--762",
}

@inproceedings{kiritchenko-mohammad-2018-examining,
    title = "Examining Gender and Race Bias in Two Hundred Sentiment Analysis Systems",
    author = "Kiritchenko, Svetlana  and
      Mohammad, Saif",
    booktitle = "Proc. of Joint Conference on Lexical and Computational Semantics",
    year = "2018",
    pages = "43--53",
}

@inproceedings{zhao-etal-2018,
    title = "Learning Gender-Neutral Word Embeddings",
    author = "Zhao, Jieyu  and
      Zhou, Yichao  and
      Li, Zeyu  and
      Wang, Wei  and
      Chang, Kai-Wei",
    booktitle = "Proc. EMNLP 2018",
    month = oct # "-" # nov,
    year = "2018",
    pages = "4847--4853",
}
@inproceedings{gonen-goldberg-2019,
    title = "Lipstick on a Pig: {D}ebiasing Methods Cover up Systematic Gender Biases in Word Embeddings But do not Remove Them",
    author = "Gonen, Hila  and
      Goldberg, Yoav",
    booktitle = "Proc. of NAACL 2019",
    year = "2019",
    pages = "609--614",
}

@inproceedings{wiegand-etal-2019,
    title = "{D}etection of {A}busive {L}anguage: the {P}roblem of {B}iased {D}atasets",
    author = "Wiegand, Michael  and
      Ruppenhofer, Josef  and
      Kleinbauer, Thomas",
    booktitle = "Proc. of NAACL 2019",
    year = "2019",
    pages = "602--608",
}
@inproceedings{manzini-etal-2019,
    title = "Black is to Criminal as Caucasian is to Police: Detecting and Removing Multiclass Bias in Word Embeddings",
    author = "Manzini, Thomas  and
      Yao Chong, Lim  and
      Black, Alan W  and
      Tsvetkov, Yulia",
    booktitle = "Proc. of NAACL 2019",
    year = "2019",
    address = "Minneapolis, Minnesota",
    pages = "615--621",
}

@inproceedings{may-etal-2019-measuring,
    title = "On Measuring Social Biases in Sentence Encoders",
    author = "May, Chandler  and
      Wang, Alex  and
      Bordia, Shikha  and
      Bowman, Samuel R.  and
      Rudinger, Rachel",
    booktitle = "Proc. of NAACL 2019",
    year = "2019",
    pages = "622--628",
}
@inproceedings{zhao-etal-2019,
    title = "Gender Bias in Contextualized Word Embeddings",
    author = "Zhao, Jieyu  and
      Wang, Tianlu  and
      Yatskar, Mark  and
      Cotterell, Ryan  and
      Ordonez, Vicente  and
      Chang, Kai-Wei",
    booktitle = "Proc. of NAACL 2019",
    year = "2019",
    address = "Minneapolis, Minnesota",
    pages = "629--634",
}
@inproceedings{bordia-bowman-2019,
    title = "Identifying and Reducing Gender Bias in Word-Level Language Models",
    author = "Bordia, Shikha  and
      Bowman, Samuel R.",
    booktitle = "Proc. of NAACL 2019 : Student Research Workshop",
    year = "2019",
    pages = "7--15",
}
@inproceedings{sun-etal-2019,
    title = "Mitigating Gender Bias in Natural Language Processing: Literature Review",
    author = "Sun, Tony  and
      Gaut, Andrew  and
      Tang, Shirlyn  and
      Huang, Yuxin  and
      ElSherief, Mai  and
      Zhao, Jieyu  and
      Mirza, Diba  and
      Belding, Elizabeth  and
      Chang, Kai-Wei  and
      Wang, William Yang",
    booktitle = "Proc. of ACL 2019",
    year = "2019",
    pages = "1630--1640",
}

@inproceedings{sap-etal-2019,
    title = "The Risk of Racial Bias in Hate Speech Detection",
    author = "Sap, Maarten  and
      Card, Dallas  and
      Gabriel, Saadia  and
      Choi, Yejin  and
      Smith, Noah A.",
    booktitle = "Proc. of ACL 2019",
    year = "2019",
    pages = "1668--1678",
}
@inproceedings{stanovsky-etal-2019,
    title = "Evaluating Gender Bias in Machine Translation",
    author = "Stanovsky, Gabriel  and
      Smith, Noah A.  and
      Zettlemoyer, Luke",
    booktitle = "Proc. of ACL 2019",
    year = "2019",
   pages = "1679--1684",
}
@inproceedings{zhang-etal-2019,
    title = "Selection Bias Explorations and Debias Methods for Natural Language Sentence Matching Datasets",
    author = "Zhang, Guanhua  and
      Bai, Bing  and
      Liang, Jian  and
      Bai, Kun  and
      Chang, Shiyu  and
      Yu, Mo  and
      Zhu, Conghui  and
      Zhao, Tiejun",
    booktitle = "Proc. of ACL 2019",
    month = jul,
    year = "2019",
    pages = "4418--4429",
}

@inproceedings{garimella-etal-2019,
    title = "Women{'}s Syntactic Resilience and Men{'}s Grammatical Luck: Gender-Bias in Part-of-Speech Tagging and Dependency Parsing",
    author = "Garimella, Aparna  and
      Banea, Carmen  and
      Hovy, Dirk  and
      Mihalcea, Rada",
    booktitle = "Proc. of ACL 2019",
    year = "2019",
    pages = "3493--3498",
}
@inproceedings{bevendorff-etal-2019,
    title = "Bias Analysis and Mitigation in the Evaluation of Authorship Verification",
    author = "Bevendorff, Janek  and
      Hagen, Matthias  and
      Stein, Benno  and
      Potthast, Martin",
    booktitle = "Proc. ACL 2019",
    year = "2019",
    pages = "6301--6306",
 }
 @inproceedings{qian-etal-2019,
    title = "Reducing Gender Bias in Word-Level Language Models with a Gender-Equalizing Loss Function",
    author = "Qian, Yusu  and
      Muaz, Urwa  and
      Zhang, Ben  and
      Hyun, Jae Won",
    booktitle = "Proc. ACL 2019",
    year = "2019",
    pages = "223--228",
}

@inproceedings{davidson-etal-2019,
    title = "Racial Bias in Hate Speech and Abusive Language Detection Datasets",
    author = "Davidson, Thomas  and
      Bhattacharya, Debasmita  and
      Weber, Ingmar",
    booktitle = "Proc. of the Third Workshop on Abusive Language Online in ACL",
    year = "2019",
    pages = "25--35",
}
@inproceedings{prost-etal-2019,
    title = "Debiasing Embeddings for Reduced Gender Bias in Text Classification",
    author = "Prost, Flavien  and
      Thain, Nithum  and
      Bolukbasi, Tolga",
    booktitle = "Proc.s of the First Workshop on Gender Bias in Natural Language Processing in ACL",
    year = "2019",
    pages = "69--75",
 }
 @inproceedings{zhao-etal-2018-gender,
    title = "Gender Bias in Coreference Resolution: Evaluation and Debiasing Methods",
    author = "Zhao, Jieyu  and
      Wang, Tianlu  and
      Yatskar, Mark  and
      Ordonez, Vicente  and
      Chang, Kai-Wei",
    booktitle = "Proc. of NAACL 2018: Human Language Technologies, Volume 2 (Short Papers)",
    month = jun,
    year = "2018",
     pages = "15--20",
}

@InProceedings{pmlr-v81-madaan18a,
  title = 	 {Analyze, Detect and Remove Gender Stereotyping from Bollywood Movies},
  author = 	 {Nishtha Madaan and Sameep Mehta and Taneea Agrawaal and Vrinda Malhotra and Aditi Aggarwal and Yatin Gupta and Mayank Saxena},
  booktitle = 	 {Proceedings of the 1st Conference on Fairness, Accountability and Transparency},
  pages = 	 {92--105},
  volume = 	 {81},
  series = 	 {Proc.s of Machine Learning Research},
  address = 	 {New York, NY, USA},
  }
}
@inproceedings{vanmassenhove-etal,
    title = "Getting Gender Right in Neural Machine Translation",
    author = "Vanmassenhove, Eva  and
      Hardmeier, Christian  and
      Way, Andy",
    booktitle = "Proc. of EMNLP 2018",
    year = "2018",
    pages = "3003--3008",
}




